<record><leader>00000cas a22000007a 4500</leader><controlfield tag="001">12363469</controlfield><controlfield tag="008">850808d18591861nyudn ne      0    0eng d</controlfield><datafield ind1=" " ind2=" " tag="010"><subfield code="a">sn 85026677 </subfield></datafield><datafield ind1=" " ind2=" " tag="040"><subfield code="a">NPX</subfield><subfield code="b">eng</subfield><subfield code="c">NPX</subfield><subfield code="d">NPY</subfield><subfield code="d">NYS</subfield><subfield code="d">OCL</subfield><subfield code="d">OCLCQ</subfield><subfield code="d">OCLCF</subfield><subfield code="d">OCLCO</subfield></datafield><datafield ind1="1" ind2=" " tag="029"><subfield code="a">AU@</subfield><subfield code="b">000020233971</subfield></datafield><datafield ind1=" " ind2=" " tag="042"><subfield code="a">msc</subfield></datafield><datafield ind1=" " ind2=" " tag="043"><subfield code="a">n-us-ny</subfield></datafield><datafield ind1="0" ind2="0" tag="245"><subfield code="a">Auburn daily union.</subfield></datafield><datafield ind1=" " ind2=" " tag="260"><subfield code="a">Auburn, N.Y. :</subfield><subfield code="b">Moses &amp; Vail</subfield></datafield><datafield ind1=" " ind2=" " tag="300"><subfield code="a">v.</subfield></datafield><datafield ind1=" " ind2=" " tag="310"><subfield code="a">Daily (except Sunday)</subfield></datafield><datafield ind1="0" ind2=" " tag="362"><subfield code="a">Vol. 4, no. 1355 (June 20, 1859)-v. 6, no. 1884 (Mar. 7, 1861).</subfield></datafield><datafield ind1=" " ind2="0" tag="651"><subfield code="a">Auburn (N.Y.)</subfield><subfield code="v">Newspapers.</subfield></datafield><datafield ind1=" " ind2="7" tag="655"><subfield code="a">Newspapers.</subfield><subfield code="2">fast</subfield><subfield code="0">(OCoLC)fst01423814</subfield></datafield><datafield ind1=" " ind2="7" tag="651"><subfield code="a">New York (State)</subfield><subfield code="z">Auburn.</subfield><subfield code="2">fast</subfield><subfield code="0">(OCoLC)fst01210382</subfield></datafield><datafield ind1=" " ind2=" " tag="752"><subfield code="a">United States</subfield><subfield code="b">New York</subfield><subfield code="c">Cayuga</subfield><subfield code="d">Auburn.</subfield></datafield><datafield ind1="0" ind2=" " tag="775"><subfield code="t">Auburn weekly union</subfield><subfield code="w">(DLC)sn 90066488</subfield></datafield><datafield ind1="0" ind2="0" tag="780"><subfield code="t">Auburn daily American</subfield><subfield code="w">(DLC)sn 83030708</subfield></datafield><datafield ind1="0" ind2="7" tag="785"><subfield code="t">Auburn daily advertiser (Auburn, N.Y. : 1846)</subfield><subfield code="w">(DLC)sn 84031359</subfield></datafield><datafield ind1="0" ind2="7" tag="785"><subfield code="t">Auburn daily advertiser and Auburn union</subfield><subfield code="w">(DLC)sn 84031364</subfield></datafield></record>